<?xml version="1.0" encoding="UTF-8"?><collection xmlns="http://www.loc.gov/MARC21/slim"><record><leader>00388nam--2200157-i-4500</leader><controlfield tag="001">000043401</controlfield><controlfield tag="002">20161230</controlfield><controlfield tag="005">20170113231926</controlfield><controlfield tag="008">060222s1000------------r-----000-0-eng-d</controlfield><datafield ind1=" " ind2=" " tag="100"><subfield code="a">Syrett, J. J</subfield></datafield><datafield ind1=" " ind2=" " tag="245"><subfield code="a">Nuclear reactor theory</subfield></datafield><datafield ind1=" " ind2=" " tag="260"><subfield code="a">London</subfield><subfield code="b">Temple Press Limited</subfield><subfield code="c">1958</subfield></datafield><datafield ind1=" " ind2=" " tag="300"><subfield code="a">80 p</subfield></datafield><datafield ind1=" " ind2=" " tag="490"><subfield code="a">Nuclear Reactor Theory</subfield></datafield><datafield ind1=" " ind2=" " tag="852"><subfield code="a">13656</subfield></datafield><datafield ind1=" " ind2=" " tag="CAT"><subfield code="a">SYS</subfield><subfield code="c">20170113</subfield><subfield code="h">231926</subfield></datafield></record></collection>